<?xml version="1.0" encoding="UTF-8"?><collection xmlns="http://www.loc.gov/MARC21/slim"><record><leader>00417nam--2200157-i-4500</leader><controlfield tag="001">000013803</controlfield><controlfield tag="002">20161230</controlfield><controlfield tag="005">20170125143611</controlfield><controlfield tag="008">060222s1000------------r-----000-0-eng-d</controlfield><datafield ind1=" " ind2=" " tag="080"><subfield code="a">551.594</subfield></datafield><datafield ind1=" " ind2=" " tag="245"><subfield code="a">Traite d electricite atmospherique et tellurique</subfield></datafield><datafield ind1=" " ind2=" " tag="260"><subfield code="a">Paris</subfield><subfield code="b">Les Presses Universitaires De France</subfield><subfield code="c">1924</subfield></datafield><datafield ind1=" " ind2=" " tag="300"><subfield code="a">XX + 580 p</subfield></datafield><datafield ind1=" " ind2=" " tag="700"><subfield code="a">Loisel, P</subfield></datafield><datafield ind1=" " ind2=" " tag="852"><subfield code="a">48177</subfield></datafield><datafield ind1=" " ind2=" " tag="CAT"><subfield code="a">SYS</subfield><subfield code="c">20170125</subfield><subfield code="h">143611</subfield></datafield></record></collection>